[2025-06-12T08:03:31.390Z] Loaded symbol filters: stepSize=0.00001, minQty=0.00001, minNotional=0
[2025-06-12T08:03:31.393Z] Placing grid orders...
[2025-06-12T08:03:31.666Z] BUY placed: id=3498239 price=100353 qty=0.00249
[2025-06-12T08:03:31.951Z] SELL placed: id=3498241 price=102733.22 qty=0.00249
[2025-06-12T08:03:31.957Z] Balance update: {"e":"executionReport","E":1749715412220,"s":"BTCUSDT","c":"x-HNA2TXFJ5721194fa8844120bb369d","S":"SELL","o":"LIMIT","f":"GTC","q":"0.00249000","p":"102733.22000000","P":"0.00000000","F":"0.00000000","g":-1,"C":"","x":"NEW","X":"NEW","r":"NONE","i":3498241,"l":"0.00000000","z":"0.00000000","L":"0.00000000","n":"0","N":null,"T":1749715412220,"t":-1,"I":7636083,"w":true,"m":false,"M":false,"O":1749715412220,"Z":"0.00000000","Y":"0.00000000","Q":"0.00000000","W":1749715412220,"V":"EXPIRE_MAKER"}
[2025-06-12T08:03:31.958Z] Balance update: {"e":"executionReport","E":1749715412221,"s":"BTCUSDT","c":"x-HNA2TXFJ5721194fa8844120bb369d","S":"SELL","o":"LIMIT","f":"GTC","q":"0.00249000","p":"102733.22000000","P":"0.00000000","F":"0.00000000","g":-1,"C":"","x":"TRADE","X":"FILLED","r":"NONE","i":3498241,"l":"0.00249000","z":"0.00249000","L":"107620.92000000","n":"0.00000000","N":"USDT","T":1749715412220,"t":778460,"I":7636084,"w":false,"m":false,"M":true,"O":1749715412220,"Z":"267.97609080","Y":"267.97609080","Q":"0.00000000","W":1749715412220,"V":"EXPIRE_MAKER"}
[2025-06-12T08:03:31.960Z] Balance update: {"e":"outboundAccountPosition","E":1749715412221,"u":1749715412220,"B":[{"a":"BTC","f":"0.99751000","l":"0.00469000"},{"a":"USDT","f":"9485.25351580","l":"249.87897000"}]}
[2025-06-12T08:03:32.049Z] BUY placed: id=3498242 price=102733.22 qty=0.00243
[2025-06-12T08:03:32.056Z] Balance update: {"e":"executionReport","E":1749715412324,"s":"BTCUSDT","c":"x-HNA2TXFJ688ff418d67d44b3916010","S":"BUY","o":"LIMIT","f":"GTC","q":"0.00243000","p":"102733.22000000","P":"0.00000000","F":"0.00000000","g":-1,"C":"","x":"NEW","X":"NEW","r":"NONE","i":3498242,"l":"0.00000000","z":"0.00000000","L":"0.00000000","n":"0","N":null,"T":1749715412323,"t":-1,"I":7636086,"w":true,"m":false,"M":false,"O":1749715412323,"Z":"0.00000000","Y":"0.00000000","Q":"0.00000000","W":1749715412323,"V":"EXPIRE_MAKER"}
[2025-06-12T08:03:32.058Z] Balance update: {"e":"outboundAccountPosition","E":1749715412324,"u":1749715412323,"B":[{"a":"BTC","f":"0.99751000","l":"0.00469000"},{"a":"USDT","f":"9235.61179120","l":"499.52069460"}]}
[2025-06-12T08:03:32.151Z] SELL placed: id=3498243 price=105169.9 qty=0.00243
[2025-06-12T08:03:32.159Z] Balance update: {"e":"executionReport","E":1749715412424,"s":"BTCUSDT","c":"x-HNA2TXFJ66efc9b56eeb4528888f01","S":"SELL","o":"LIMIT","f":"GTC","q":"0.00243000","p":"105169.90000000","P":"0.00000000","F":"0.00000000","g":-1,"C":"","x":"NEW","X":"NEW","r":"NONE","i":3498243,"l":"0.00000000","z":"0.00000000","L":"0.00000000","n":"0","N":null,"T":1749715412423,"t":-1,"I":7636087,"w":true,"m":false,"M":false,"O":1749715412423,"Z":"0.00000000","Y":"0.00000000","Q":"0.00000000","W":1749715412423,"V":"EXPIRE_MAKER"}
[2025-06-12T08:03:32.161Z] Balance update: {"e":"executionReport","E":1749715412424,"s":"BTCUSDT","c":"x-HNA2TXFJ66efc9b56eeb4528888f01","S":"SELL","o":"LIMIT","f":"GTC","q":"0.00243000","p":"105169.90000000","P":"0.00000000","F":"0.00000000","g":-1,"C":"","x":"TRADE","X":"FILLED","r":"NONE","i":3498243,"l":"0.00243000","z":"0.00243000","L":"107620.92000000","n":"0.00000000","N":"USDT","T":1749715412423,"t":778461,"I":7636088,"w":false,"m":false,"M":true,"O":1749715412423,"Z":"261.51883560","Y":"261.51883560","Q":"0.00000000","W":1749715412423,"V":"EXPIRE_MAKER"}
[2025-06-12T08:03:32.163Z] Balance update: {"e":"outboundAccountPosition","E":1749715412424,"u":1749715412423,"B":[{"a":"BTC","f":"0.99508000","l":"0.00469000"},{"a":"USDT","f":"9497.13062680","l":"499.52069460"}]}
[2025-06-12T08:03:32.249Z] BUY placed: id=3498244 price=105169.9 qty=0.00237
[2025-06-12T08:03:32.257Z] Balance update: {"e":"executionReport","E":1749715412524,"s":"BTCUSDT","c":"x-HNA2TXFJ140677ea5ec54550bae0fb","S":"BUY","o":"LIMIT","f":"GTC","q":"0.00237000","p":"105169.90000000","P":"0.00000000","F":"0.00000000","g":-1,"C":"","x":"NEW","X":"NEW","r":"NONE","i":3498244,"l":"0.00000000","z":"0.00000000","L":"0.00000000","n":"0","N":null,"T":1749715412523,"t":-1,"I":7636090,"w":true,"m":false,"M":false,"O":1749715412523,"Z":"0.00000000","Y":"0.00000000","Q":"0.00000000","W":1749715412523,"V":"EXPIRE_MAKER"}
[2025-06-12T08:03:32.258Z] Balance update: {"e":"outboundAccountPosition","E":1749715412524,"u":1749715412523,"B":[{"a":"BTC","f":"0.99508000","l":"0.00469000"},{"a":"USDT","f":"9247.87796380","l":"748.77335760"}]}
[2025-06-12T08:03:32.530Z] SELL placed: id=3498245 price=107664.37 qty=0.00237
[2025-06-12T08:03:32.535Z] Balance update: {"e":"executionReport","E":1749715412800,"s":"BTCUSDT","c":"x-HNA2TXFJ1e6318c0fecf454db47c17","S":"SELL","o":"LIMIT","f":"GTC","q":"0.00237000","p":"107664.37000000","P":"0.00000000","F":"0.00000000","g":-1,"C":"","x":"NEW","X":"NEW","r":"NONE","i":3498245,"l":"0.00000000","z":"0.00000000","L":"0.00000000","n":"0","N":null,"T":1749715412800,"t":-1,"I":7636091,"w":true,"m":false,"M":false,"O":1749715412800,"Z":"0.00000000","Y":"0.00000000","Q":"0.00000000","W":1749715412800,"V":"EXPIRE_MAKER"}
[2025-06-12T08:03:32.537Z] Balance update: {"e":"outboundAccountPosition","E":1749715412800,"u":1749715412800,"B":[{"a":"BTC","f":"0.99271000","l":"0.00706000"},{"a":"USDT","f":"9247.87796380","l":"748.77335760"}]}
[2025-06-12T08:03:32.633Z] BUY placed: id=3498246 price=107664.37 qty=0.00232
[2025-06-12T08:03:32.637Z] Balance update: {"e":"executionReport","E":1749715412905,"s":"BTCUSDT","c":"x-HNA2TXFJ2133462e49b74af8a27018","S":"BUY","o":"LIMIT","f":"GTC","q":"0.00232000","p":"107664.37000000","P":"0.00000000","F":"0.00000000","g":-1,"C":"","x":"NEW","X":"NEW","r":"NONE","i":3498246,"l":"0.00000000","z":"0.00000000","L":"0.00000000","n":"0","N":null,"T":1749715412904,"t":-1,"I":7636092,"w":true,"m":false,"M":false,"O":1749715412904,"Z":"0.00000000","Y":"0.00000000","Q":"0.00000000","W":1749715412904,"V":"EXPIRE_MAKER"}
[2025-06-12T08:03:32.640Z] Balance update: {"e":"executionReport","E":1749715412905,"s":"BTCUSDT","c":"x-HNA2TXFJ2133462e49b74af8a27018","S":"BUY","o":"LIMIT","f":"GTC","q":"0.00232000","p":"107664.37000000","P":"0.00000000","F":"0.00000000","g":-1,"C":"","x":"TRADE","X":"FILLED","r":"NONE","i":3498246,"l":"0.00232000","z":"0.00232000","L":"107623.56000000","n":"0.00000000","N":"BTC","T":1749715412904,"t":778462,"I":7636093,"w":false,"m":false,"M":true,"O":1749715412904,"Z":"249.68665920","Y":"249.68665920","Q":"0.00000000","W":1749715412904,"V":"EXPIRE_MAKER"}
[2025-06-12T08:03:32.641Z] Balance update: {"e":"outboundAccountPosition","E":1749715412905,"u":1749715412904,"B":[{"a":"BTC","f":"0.99503000","l":"0.00706000"},{"a":"USDT","f":"8998.19130460","l":"748.77335760"}]}
[2025-06-12T08:03:32.737Z] SELL placed: id=3498247 price=110218 qty=0.00232
[2025-06-12T08:03:32.743Z] Balance update: {"e":"executionReport","E":1749715413010,"s":"BTCUSDT","c":"x-HNA2TXFJ1609058a58334023a19fad","S":"SELL","o":"LIMIT","f":"GTC","q":"0.00232000","p":"110218.00000000","P":"0.00000000","F":"0.00000000","g":-1,"C":"","x":"NEW","X":"NEW","r":"NONE","i":3498247,"l":"0.00000000","z":"0.00000000","L":"0.00000000","n":"0","N":null,"T":1749715413009,"t":-1,"I":7636095,"w":true,"m":false,"M":false,"O":1749715413009,"Z":"0.00000000","Y":"0.00000000","Q":"0.00000000","W":1749715413009,"V":"EXPIRE_MAKER"}
[2025-06-12T08:03:32.745Z] Balance update: {"e":"outboundAccountPosition","E":1749715413010,"u":1749715413009,"B":[{"a":"BTC","f":"0.99271000","l":"0.00938000"},{"a":"USDT","f":"8998.19130460","l":"748.77335760"}]}
[2025-06-12T08:03:42.740Z] Time up, cancelling open orders and printing summary
