[2025-06-12T08:09:46.735Z] Loaded symbol filters: stepSize=0.00001, minQty=0.00001, minNotional=0
[2025-06-12T08:09:46.738Z] Placing grid orders...
[2025-06-12T08:09:47.013Z] BUY placed: id=3499788, price=100353, qty=0.00249
[2025-06-12T08:09:47.024Z] Balance update: {"e":"executionReport","E":1749715787289,"s":"BTCUSDT","c":"x-HNA2TXFJdef093a30cca45ffa4344b","S":"BUY","o":"LIMIT","f":"GTC","q":"0.00249000","p":"100353.00000000","P":"0.00000000","F":"0.00000000","g":-1,"C":"","x":"NEW","X":"NEW","r":"NONE","i":3499788,"l":"0.00000000","z":"0.00000000","L":"0.00000000","n":"0","N":null,"T":1749715787288,"t":-1,"I":7639672,"w":true,"m":false,"M":false,"O":1749715787288,"Z":"0.00000000","Y":"0.00000000","Q":"0.00000000","W":1749715787288,"V":"EXPIRE_MAKER"}
[2025-06-12T08:09:47.036Z] Balance update: {"e":"outboundAccountPosition","E":1749715787289,"u":1749715787288,"B":[{"a":"BTC","f":"1.00000000","l":"0.01407000"},{"a":"USDT","f":"8279.03160540","l":"249.87897000"}]}
[2025-06-12T08:09:47.286Z] SELL placed: id=3499789, price=102733.22, qty=0.00249
[2025-06-12T08:09:47.294Z] Balance update: {"e":"executionReport","E":1749715787567,"s":"BTCUSDT","c":"x-HNA2TXFJfd720319824a4b2cb79d53","S":"SELL","o":"LIMIT","f":"GTC","q":"0.00249000","p":"102733.22000000","P":"0.00000000","F":"0.00000000","g":-1,"C":"","x":"NEW","X":"NEW","r":"NONE","i":3499789,"l":"0.00000000","z":"0.00000000","L":"0.00000000","n":"0","N":null,"T":1749715787567,"t":-1,"I":7639673,"w":true,"m":false,"M":false,"O":1749715787567,"Z":"0.00000000","Y":"0.00000000","Q":"0.00000000","W":1749715787567,"V":"EXPIRE_MAKER"}
[2025-06-12T08:09:47.295Z] Balance update: {"e":"executionReport","E":1749715787567,"s":"BTCUSDT","c":"x-HNA2TXFJfd720319824a4b2cb79d53","S":"SELL","o":"LIMIT","f":"GTC","q":"0.00249000","p":"102733.22000000","P":"0.00000000","F":"0.00000000","g":-1,"C":"","x":"TRADE","X":"PARTIALLY_FILLED","r":"NONE","i":3499789,"l":"0.00005000","z":"0.00005000","L":"107503.10000000","n":"0.00000000","N":"USDT","T":1749715787567,"t":778987,"I":7639674,"w":false,"m":false,"M":true,"O":1749715787567,"Z":"5.37515500","Y":"5.37515500","Q":"0.00000000","W":1749715787567,"V":"EXPIRE_MAKER"}
[2025-06-12T08:09:47.297Z] Balance update: {"e":"executionReport","E":1749715787567,"s":"BTCUSDT","c":"x-HNA2TXFJfd720319824a4b2cb79d53","S":"SELL","o":"LIMIT","f":"GTC","q":"0.00249000","p":"102733.22000000","P":"0.00000000","F":"0.00000000","g":-1,"C":"","x":"TRADE","X":"FILLED","r":"NONE","i":3499789,"l":"0.00244000","z":"0.00249000","L":"107496.12000000","n":"0.00000000","N":"USDT","T":1749715787567,"t":778988,"I":7639676,"w":false,"m":false,"M":true,"O":1749715787567,"Z":"267.66568780","Y":"262.29053280","Q":"0.00000000","W":1749715787567,"V":"EXPIRE_MAKER"}
[2025-06-12T08:09:47.299Z] Balance update: {"e":"outboundAccountPosition","E":1749715787567,"u":1749715787567,"B":[{"a":"BTC","f":"0.99751000","l":"0.01407000"},{"a":"USDT","f":"8546.69729320","l":"249.87897000"}]}
[2025-06-12T08:09:47.300Z] Balance update: {"e":"executionReport","E":1749715787567,"s":"BTCUSDT","c":"x-HNA2TXFJfd720319824a4b2cb79d53","S":"SELL","o":"LIMIT","f":"GTC","q":"0.00249000","p":"102733.22000000","P":"0.00000000","F":"0.00000000","g":-1,"C":"","x":"NEW","X":"NEW","r":"NONE","i":3499789,"l":"0.00000000","z":"0.00000000","L":"0.00000000","n":"0","N":null,"T":1749715787567,"t":-1,"I":7639673,"w":true,"m":false,"M":false,"O":1749715787567,"Z":"0.00000000","Y":"0.00000000","Q":"0.00000000","W":1749715787567,"V":"EXPIRE_MAKER"}
[2025-06-12T08:09:47.302Z] Balance update: {"e":"executionReport","E":1749715787567,"s":"BTCUSDT","c":"x-HNA2TXFJfd720319824a4b2cb79d53","S":"SELL","o":"LIMIT","f":"GTC","q":"0.00249000","p":"102733.22000000","P":"0.00000000","F":"0.00000000","g":-1,"C":"","x":"TRADE","X":"PARTIALLY_FILLED","r":"NONE","i":3499789,"l":"0.00005000","z":"0.00005000","L":"107503.10000000","n":"0.00000000","N":"USDT","T":1749715787567,"t":778987,"I":7639674,"w":false,"m":false,"M":true,"O":1749715787567,"Z":"5.37515500","Y":"5.37515500","Q":"0.00000000","W":1749715787567,"V":"EXPIRE_MAKER"}
[2025-06-12T08:09:47.304Z] Balance update: {"e":"executionReport","E":1749715787567,"s":"BTCUSDT","c":"x-HNA2TXFJfd720319824a4b2cb79d53","S":"SELL","o":"LIMIT","f":"GTC","q":"0.00249000","p":"102733.22000000","P":"0.00000000","F":"0.00000000","g":-1,"C":"","x":"TRADE","X":"FILLED","r":"NONE","i":3499789,"l":"0.00244000","z":"0.00249000","L":"107496.12000000","n":"0.00000000","N":"USDT","T":1749715787567,"t":778988,"I":7639676,"w":false,"m":false,"M":true,"O":1749715787567,"Z":"267.66568780","Y":"262.29053280","Q":"0.00000000","W":1749715787567,"V":"EXPIRE_MAKER"}
[2025-06-12T08:09:47.304Z] Balance update: {"e":"outboundAccountPosition","E":1749715787567,"u":1749715787567,"B":[{"a":"BTC","f":"0.99751000","l":"0.01407000"},{"a":"USDT","f":"8546.69729320","l":"249.87897000"}]}
[2025-06-12T08:09:47.562Z] BUY placed: id=3499790, price=102733.22, qty=0.00243
[2025-06-12T08:09:47.568Z] Balance update: {"e":"executionReport","E":1749715787841,"s":"BTCUSDT","c":"x-HNA2TXFJ195656aac7bf47ec9118bb","S":"BUY","o":"LIMIT","f":"GTC","q":"0.00243000","p":"102733.22000000","P":"0.00000000","F":"0.00000000","g":-1,"C":"","x":"NEW","X":"NEW","r":"NONE","i":3499790,"l":"0.00000000","z":"0.00000000","L":"0.00000000","n":"0","N":null,"T":1749715787841,"t":-1,"I":7639678,"w":true,"m":false,"M":false,"O":1749715787841,"Z":"0.00000000","Y":"0.00000000","Q":"0.00000000","W":1749715787841,"V":"EXPIRE_MAKER"}
[2025-06-12T08:09:47.570Z] Balance update: {"e":"outboundAccountPosition","E":1749715787841,"u":1749715787841,"B":[{"a":"BTC","f":"0.99751000","l":"0.01407000"},{"a":"USDT","f":"8297.05556860","l":"499.52069460"}]}
[2025-06-12T08:09:47.572Z] Balance update: {"e":"executionReport","E":1749715787841,"s":"BTCUSDT","c":"x-HNA2TXFJ195656aac7bf47ec9118bb","S":"BUY","o":"LIMIT","f":"GTC","q":"0.00243000","p":"102733.22000000","P":"0.00000000","F":"0.00000000","g":-1,"C":"","x":"NEW","X":"NEW","r":"NONE","i":3499790,"l":"0.00000000","z":"0.00000000","L":"0.00000000","n":"0","N":null,"T":1749715787841,"t":-1,"I":7639678,"w":true,"m":false,"M":false,"O":1749715787841,"Z":"0.00000000","Y":"0.00000000","Q":"0.00000000","W":1749715787841,"V":"EXPIRE_MAKER"}
[2025-06-12T08:09:47.573Z] Balance update: {"e":"outboundAccountPosition","E":1749715787841,"u":1749715787841,"B":[{"a":"BTC","f":"0.99751000","l":"0.01407000"},{"a":"USDT","f":"8297.05556860","l":"499.52069460"}]}
[2025-06-12T08:09:47.664Z] SELL placed: id=3499791, price=105169.9, qty=0.00243
[2025-06-12T08:09:47.669Z] Balance update: {"e":"executionReport","E":1749715787942,"s":"BTCUSDT","c":"x-HNA2TXFJ786fef56927e4471ad6970","S":"SELL","o":"LIMIT","f":"GTC","q":"0.00243000","p":"105169.90000000","P":"0.00000000","F":"0.00000000","g":-1,"C":"","x":"NEW","X":"NEW","r":"NONE","i":3499791,"l":"0.00000000","z":"0.00000000","L":"0.00000000","n":"0","N":null,"T":1749715787941,"t":-1,"I":7639679,"w":true,"m":false,"M":false,"O":1749715787941,"Z":"0.00000000","Y":"0.00000000","Q":"0.00000000","W":1749715787941,"V":"EXPIRE_MAKER"}
[2025-06-12T08:09:47.670Z] Balance update: {"e":"executionReport","E":1749715787942,"s":"BTCUSDT","c":"x-HNA2TXFJ786fef56927e4471ad6970","S":"SELL","o":"LIMIT","f":"GTC","q":"0.00243000","p":"105169.90000000","P":"0.00000000","F":"0.00000000","g":-1,"C":"","x":"TRADE","X":"FILLED","r":"NONE","i":3499791,"l":"0.00243000","z":"0.00243000","L":"107496.12000000","n":"0.00000000","N":"USDT","T":1749715787941,"t":778989,"I":7639680,"w":false,"m":false,"M":true,"O":1749715787941,"Z":"261.21557160","Y":"261.21557160","Q":"0.00000000","W":1749715787941,"V":"EXPIRE_MAKER"}
[2025-06-12T08:09:47.671Z] Balance update: {"e":"outboundAccountPosition","E":1749715787942,"u":1749715787941,"B":[{"a":"BTC","f":"0.99508000","l":"0.01407000"},{"a":"USDT","f":"8558.27114020","l":"499.52069460"}]}
[2025-06-12T08:09:47.672Z] Balance update: {"e":"executionReport","E":1749715787942,"s":"BTCUSDT","c":"x-HNA2TXFJ786fef56927e4471ad6970","S":"SELL","o":"LIMIT","f":"GTC","q":"0.00243000","p":"105169.90000000","P":"0.00000000","F":"0.00000000","g":-1,"C":"","x":"NEW","X":"NEW","r":"NONE","i":3499791,"l":"0.00000000","z":"0.00000000","L":"0.00000000","n":"0","N":null,"T":1749715787941,"t":-1,"I":7639679,"w":true,"m":false,"M":false,"O":1749715787941,"Z":"0.00000000","Y":"0.00000000","Q":"0.00000000","W":1749715787941,"V":"EXPIRE_MAKER"}
[2025-06-12T08:09:47.673Z] Balance update: {"e":"executionReport","E":1749715787942,"s":"BTCUSDT","c":"x-HNA2TXFJ786fef56927e4471ad6970","S":"SELL","o":"LIMIT","f":"GTC","q":"0.00243000","p":"105169.90000000","P":"0.00000000","F":"0.00000000","g":-1,"C":"","x":"TRADE","X":"FILLED","r":"NONE","i":3499791,"l":"0.00243000","z":"0.00243000","L":"107496.12000000","n":"0.00000000","N":"USDT","T":1749715787941,"t":778989,"I":7639680,"w":false,"m":false,"M":true,"O":1749715787941,"Z":"261.21557160","Y":"261.21557160","Q":"0.00000000","W":1749715787941,"V":"EXPIRE_MAKER"}
[2025-06-12T08:09:47.674Z] Balance update: {"e":"outboundAccountPosition","E":1749715787942,"u":1749715787941,"B":[{"a":"BTC","f":"0.99508000","l":"0.01407000"},{"a":"USDT","f":"8558.27114020","l":"499.52069460"}]}
[2025-06-12T08:09:47.772Z] BUY placed: id=3499793, price=105169.9, qty=0.00237
[2025-06-12T08:09:47.776Z] Balance update: {"e":"executionReport","E":1749715788048,"s":"BTCUSDT","c":"x-HNA2TXFJffc93b2875c046f88da399","S":"BUY","o":"LIMIT","f":"GTC","q":"0.00237000","p":"105169.90000000","P":"0.00000000","F":"0.00000000","g":-1,"C":"","x":"NEW","X":"NEW","r":"NONE","i":3499793,"l":"0.00000000","z":"0.00000000","L":"0.00000000","n":"0","N":null,"T":1749715788047,"t":-1,"I":7639683,"w":true,"m":false,"M":false,"O":1749715788047,"Z":"0.00000000","Y":"0.00000000","Q":"0.00000000","W":1749715788047,"V":"EXPIRE_MAKER"}
[2025-06-12T08:09:47.779Z] Balance update: {"e":"outboundAccountPosition","E":1749715788048,"u":1749715788047,"B":[{"a":"BTC","f":"0.99508000","l":"0.01407000"},{"a":"USDT","f":"8309.01847720","l":"748.77335760"}]}
[2025-06-12T08:09:47.782Z] Balance update: {"e":"executionReport","E":1749715788048,"s":"BTCUSDT","c":"x-HNA2TXFJffc93b2875c046f88da399","S":"BUY","o":"LIMIT","f":"GTC","q":"0.00237000","p":"105169.90000000","P":"0.00000000","F":"0.00000000","g":-1,"C":"","x":"NEW","X":"NEW","r":"NONE","i":3499793,"l":"0.00000000","z":"0.00000000","L":"0.00000000","n":"0","N":null,"T":1749715788047,"t":-1,"I":7639683,"w":true,"m":false,"M":false,"O":1749715788047,"Z":"0.00000000","Y":"0.00000000","Q":"0.00000000","W":1749715788047,"V":"EXPIRE_MAKER"}
[2025-06-12T08:09:47.784Z] Balance update: {"e":"outboundAccountPosition","E":1749715788048,"u":1749715788047,"B":[{"a":"BTC","f":"0.99508000","l":"0.01407000"},{"a":"USDT","f":"8309.01847720","l":"748.77335760"}]}
[2025-06-12T08:09:48.050Z] SELL placed: id=3499794, price=107664.37, qty=0.00237
[2025-06-12T08:09:48.056Z] Balance update: {"e":"executionReport","E":1749715788329,"s":"BTCUSDT","c":"x-HNA2TXFJfd1bec31a87e42e3bc4fa6","S":"SELL","o":"LIMIT","f":"GTC","q":"0.00237000","p":"107664.37000000","P":"0.00000000","F":"0.00000000","g":-1,"C":"","x":"NEW","X":"NEW","r":"NONE","i":3499794,"l":"0.00000000","z":"0.00000000","L":"0.00000000","n":"0","N":null,"T":1749715788329,"t":-1,"I":7639684,"w":true,"m":false,"M":false,"O":1749715788329,"Z":"0.00000000","Y":"0.00000000","Q":"0.00000000","W":1749715788329,"V":"EXPIRE_MAKER"}
[2025-06-12T08:09:48.057Z] Balance update: {"e":"outboundAccountPosition","E":1749715788329,"u":1749715788329,"B":[{"a":"BTC","f":"0.99271000","l":"0.01644000"},{"a":"USDT","f":"8309.01847720","l":"748.77335760"}]}
[2025-06-12T08:09:48.058Z] Balance update: {"e":"executionReport","E":1749715788329,"s":"BTCUSDT","c":"x-HNA2TXFJfd1bec31a87e42e3bc4fa6","S":"SELL","o":"LIMIT","f":"GTC","q":"0.00237000","p":"107664.37000000","P":"0.00000000","F":"0.00000000","g":-1,"C":"","x":"NEW","X":"NEW","r":"NONE","i":3499794,"l":"0.00000000","z":"0.00000000","L":"0.00000000","n":"0","N":null,"T":1749715788329,"t":-1,"I":7639684,"w":true,"m":false,"M":false,"O":1749715788329,"Z":"0.00000000","Y":"0.00000000","Q":"0.00000000","W":1749715788329,"V":"EXPIRE_MAKER"}
[2025-06-12T08:09:48.059Z] Balance update: {"e":"outboundAccountPosition","E":1749715788329,"u":1749715788329,"B":[{"a":"BTC","f":"0.99271000","l":"0.01644000"},{"a":"USDT","f":"8309.01847720","l":"748.77335760"}]}
[2025-06-12T08:09:48.150Z] BUY placed: id=3499795, price=107664.37, qty=0.00232
[2025-06-12T08:09:48.160Z] Balance update: {"e":"executionReport","E":1749715788431,"s":"BTCUSDT","c":"x-HNA2TXFJ403cae6c73a84360b1abea","S":"BUY","o":"LIMIT","f":"GTC","q":"0.00232000","p":"107664.37000000","P":"0.00000000","F":"0.00000000","g":-1,"C":"","x":"NEW","X":"NEW","r":"NONE","i":3499795,"l":"0.00000000","z":"0.00000000","L":"0.00000000","n":"0","N":null,"T":1749715788431,"t":-1,"I":7639685,"w":true,"m":false,"M":false,"O":1749715788431,"Z":"0.00000000","Y":"0.00000000","Q":"0.00000000","W":1749715788431,"V":"EXPIRE_MAKER"}
[2025-06-12T08:09:48.162Z] Balance update: {"e":"executionReport","E":1749715788431,"s":"BTCUSDT","c":"x-HNA2TXFJ403cae6c73a84360b1abea","S":"BUY","o":"LIMIT","f":"GTC","q":"0.00232000","p":"107664.37000000","P":"0.00000000","F":"0.00000000","g":-1,"C":"","x":"TRADE","X":"PARTIALLY_FILLED","r":"NONE","i":3499795,"l":"0.00005000","z":"0.00005000","L":"107498.68000000","n":"0.00000000","N":"BTC","T":1749715788431,"t":778990,"I":7639686,"w":false,"m":false,"M":true,"O":1749715788431,"Z":"5.37493400","Y":"5.37493400","Q":"0.00000000","W":1749715788431,"V":"EXPIRE_MAKER"}
[2025-06-12T08:09:48.163Z] Balance update: {"e":"executionReport","E":1749715788431,"s":"BTCUSDT","c":"x-HNA2TXFJ403cae6c73a84360b1abea","S":"BUY","o":"LIMIT","f":"GTC","q":"0.00232000","p":"107664.37000000","P":"0.00000000","F":"0.00000000","g":-1,"C":"","x":"NEW","X":"NEW","r":"NONE","i":3499795,"l":"0.00000000","z":"0.00000000","L":"0.00000000","n":"0","N":null,"T":1749715788431,"t":-1,"I":7639685,"w":true,"m":false,"M":false,"O":1749715788431,"Z":"0.00000000","Y":"0.00000000","Q":"0.00000000","W":1749715788431,"V":"EXPIRE_MAKER"}
[2025-06-12T08:09:48.165Z] Balance update: {"e":"executionReport","E":1749715788431,"s":"BTCUSDT","c":"x-HNA2TXFJ403cae6c73a84360b1abea","S":"BUY","o":"LIMIT","f":"GTC","q":"0.00232000","p":"107664.37000000","P":"0.00000000","F":"0.00000000","g":-1,"C":"","x":"TRADE","X":"FILLED","r":"NONE","i":3499795,"l":"0.00227000","z":"0.00232000","L":"107517.79000000","n":"0.00000000","N":"BTC","T":1749715788431,"t":778991,"I":7639688,"w":false,"m":false,"M":true,"O":1749715788431,"Z":"249.44031730","Y":"244.06538330","Q":"0.00000000","W":1749715788431,"V":"EXPIRE_MAKER"}
[2025-06-12T08:09:48.166Z] Balance update: {"e":"executionReport","E":1749715788431,"s":"BTCUSDT","c":"x-HNA2TXFJ403cae6c73a84360b1abea","S":"BUY","o":"LIMIT","f":"GTC","q":"0.00232000","p":"107664.37000000","P":"0.00000000","F":"0.00000000","g":-1,"C":"","x":"TRADE","X":"PARTIALLY_FILLED","r":"NONE","i":3499795,"l":"0.00005000","z":"0.00005000","L":"107498.68000000","n":"0.00000000","N":"BTC","T":1749715788431,"t":778990,"I":7639686,"w":false,"m":false,"M":true,"O":1749715788431,"Z":"5.37493400","Y":"5.37493400","Q":"0.00000000","W":1749715788431,"V":"EXPIRE_MAKER"}
[2025-06-12T08:09:48.167Z] Balance update: {"e":"outboundAccountPosition","E":1749715788432,"u":1749715788431,"B":[{"a":"BTC","f":"0.99503000","l":"0.01644000"},{"a":"USDT","f":"8059.57815990","l":"748.77335760"}]}
[2025-06-12T08:09:48.170Z] Balance update: {"e":"executionReport","E":1749715788431,"s":"BTCUSDT","c":"x-HNA2TXFJ403cae6c73a84360b1abea","S":"BUY","o":"LIMIT","f":"GTC","q":"0.00232000","p":"107664.37000000","P":"0.00000000","F":"0.00000000","g":-1,"C":"","x":"TRADE","X":"FILLED","r":"NONE","i":3499795,"l":"0.00227000","z":"0.00232000","L":"107517.79000000","n":"0.00000000","N":"BTC","T":1749715788431,"t":778991,"I":7639688,"w":false,"m":false,"M":true,"O":1749715788431,"Z":"249.44031730","Y":"244.06538330","Q":"0.00000000","W":1749715788431,"V":"EXPIRE_MAKER"}
[2025-06-12T08:09:48.172Z] Balance update: {"e":"outboundAccountPosition","E":1749715788432,"u":1749715788431,"B":[{"a":"BTC","f":"0.99503000","l":"0.01644000"},{"a":"USDT","f":"8059.57815990","l":"748.77335760"}]}
[2025-06-12T08:09:48.251Z] SELL placed: id=3499796, price=110218, qty=0.00232
[2025-06-12T08:09:48.257Z] Balance update: {"e":"executionReport","E":1749715788530,"s":"BTCUSDT","c":"x-HNA2TXFJf08c872eb9bc4e6fb8c932","S":"SELL","o":"LIMIT","f":"GTC","q":"0.00232000","p":"110218.00000000","P":"0.00000000","F":"0.00000000","g":-1,"C":"","x":"NEW","X":"NEW","r":"NONE","i":3499796,"l":"0.00000000","z":"0.00000000","L":"0.00000000","n":"0","N":null,"T":1749715788530,"t":-1,"I":7639690,"w":true,"m":false,"M":false,"O":1749715788530,"Z":"0.00000000","Y":"0.00000000","Q":"0.00000000","W":1749715788530,"V":"EXPIRE_MAKER"}
[2025-06-12T08:09:48.258Z] Balance update: {"e":"outboundAccountPosition","E":1749715788530,"u":1749715788530,"B":[{"a":"BTC","f":"0.99271000","l":"0.01876000"},{"a":"USDT","f":"8059.57815990","l":"748.77335760"}]}
[2025-06-12T08:09:48.261Z] Balance update: {"e":"executionReport","E":1749715788530,"s":"BTCUSDT","c":"x-HNA2TXFJf08c872eb9bc4e6fb8c932","S":"SELL","o":"LIMIT","f":"GTC","q":"0.00232000","p":"110218.00000000","P":"0.00000000","F":"0.00000000","g":-1,"C":"","x":"NEW","X":"NEW","r":"NONE","i":3499796,"l":"0.00000000","z":"0.00000000","L":"0.00000000","n":"0","N":null,"T":1749715788530,"t":-1,"I":7639690,"w":true,"m":false,"M":false,"O":1749715788530,"Z":"0.00000000","Y":"0.00000000","Q":"0.00000000","W":1749715788530,"V":"EXPIRE_MAKER"}
[2025-06-12T08:09:48.262Z] Balance update: {"e":"outboundAccountPosition","E":1749715788530,"u":1749715788530,"B":[{"a":"BTC","f":"0.99271000","l":"0.01876000"},{"a":"USDT","f":"8059.57815990","l":"748.77335760"}]}
[2025-06-12T08:09:58.257Z] Run complete: cancelling open orders & printing summary
